<record><leader>01111cam a2200301 a 4500</leader><controlfield tag="001">1321240</controlfield><controlfield tag="008">900920s1985    enk               0 eng c</controlfield><datafield ind1=" " ind2=" " tag="020"><subfield code="a">0853343454</subfield></datafield><datafield ind1=" " ind2=" " tag="035"><subfield code="a">ocm28474887</subfield></datafield><datafield ind1=" " ind2=" " tag="040"><subfield code="b">eng</subfield></datafield><datafield ind1=" " ind2=" " tag="049"><subfield code="a">AEU</subfield><subfield code="b">eng</subfield></datafield><datafield ind1=" " ind2="3" tag="055"><subfield code="a">TA 710</subfield><subfield code="b">S915 1985</subfield></datafield><datafield ind1="0" ind2=" " tag="090"><subfield code="a">TA 710 S915 1985</subfield></datafield><datafield ind1="0" ind2="0" tag="245"><subfield code="a">Stress-strain modelling of soils /</subfield><subfield code="c">edited by P. K. Banerjee and R. Butterfield.</subfield></datafield><datafield ind1=" " ind2=" " tag="260"><subfield code="a">London :</subfield><subfield code="b">Elsevier Applied Science Publishers,</subfield><subfield code="c">c1985.</subfield></datafield><datafield ind1=" " ind2=" " tag="300"><subfield code="a">x, 281 p. :</subfield><subfield code="b">ill. ;</subfield><subfield code="c">23 cm.</subfield></datafield><datafield ind1=" " ind2=" " tag="336"><subfield code="a">text</subfield><subfield code="b">txt</subfield><subfield code="2">rdacontent</subfield></datafield><datafield ind1=" " ind2=" " tag="337"><subfield code="a">unmediated</subfield><subfield code="b">n</subfield><subfield code="2">rdamedia</subfield></datafield><datafield ind1=" " ind2=" " tag="338"><subfield code="a">volume</subfield><subfield code="b">nc</subfield><subfield code="2">rdacarrier</subfield></datafield><datafield ind1="1" ind2=" " tag="490"><subfield code="a">Developments in soil mechanics and foundation engineering.</subfield><subfield code="v">2</subfield></datafield><datafield ind1=" " ind2=" " tag="596"><subfield code="a">48</subfield></datafield><datafield ind1=" " ind2="0" tag="650"><subfield code="a">Soil mechanics.</subfield></datafield><datafield ind1=" " ind2="0" tag="650"><subfield code="a">Strains and stresses.</subfield></datafield><datafield ind1=" " ind2="0" tag="650"><subfield code="a">Soils</subfield><subfield code="x">Mathematical models.</subfield></datafield><datafield ind1="1" ind2=" " tag="700"><subfield code="a">Banerjee, P.</subfield><subfield code="q">(Priyatosh),</subfield><subfield code="d">1920-2007.</subfield></datafield><datafield ind1="1" ind2=" " tag="700"><subfield code="a">Butterfield, R.</subfield><subfield code="q">(Roy)</subfield></datafield><datafield ind1=" " ind2="0" tag="830"><subfield code="a">Developments in soil mechanics and foundation engineering.</subfield><subfield code="v">2</subfield></datafield><datafield ind1=" " ind2=" " tag="926"><subfield code="a">TA 710 S915 1985</subfield><subfield code="w">LC</subfield><subfield code="c">1</subfield><subfield code="i">000034089870</subfield><subfield code="d">5/14/2006</subfield><subfield code="e">1/14/2006</subfield><subfield code="l">ON_SHELF</subfield><subfield code="m">UASCITECH</subfield><subfield code="n">18</subfield><subfield code="p">$150.00</subfield><subfield code="r">Y</subfield><subfield code="s">Y</subfield><subfield code="t">BOOK</subfield><subfield code="u">9/28/1990</subfield></datafield></record>